<?xml version="1.0" encoding="UTF-8"?><record xmlns="http://www.loc.gov/MARC21/slim" xmlns:cinclude="http://apache.org/cocoon/include/1.0" xmlns:zs="http://www.loc.gov/zing/srw/">
  <leader>00474nz  a2200133n  4500</leader>
  <controlfield tag="001">nr 00007495 </controlfield>
  <controlfield tag="003">DLC</controlfield>
  <controlfield tag="005">20000310033711.0</controlfield>
  <controlfield tag="008">000306n| acannaabn          |a aaa     c</controlfield>
  <datafield tag="010" ind1=" " ind2=" ">
    <subfield code="a">nr 00007495 </subfield>
  </datafield>
  <datafield tag="040" ind1=" " ind2=" ">
    <subfield code="a">CaQMCCA</subfield>
    <subfield code="b">eng</subfield>
    <subfield code="c">CaQMCCA</subfield>
  </datafield>
  <datafield tag="100" ind1="1" ind2=" ">
    <subfield code="a">Stanislavskiĭ, A. I.</subfield>
    <subfield code="q">(Anatoliĭ Ivanovich)</subfield>
  </datafield>
  <datafield tag="400" ind1="1" ind2=" ">
    <subfield code="a">Stanislavskiĭ, Anatoliĭ Ivanovich</subfield>
  </datafield>
  <datafield tag="670" ind1=" " ind2=" ">
    <subfield code="a">Planirovka i zastroĭka gorodov Ukrainy, 1971:</subfield>
    <subfield code="b">t.p. (A.I. Stanislavskiĭ) colophon (Anatoliĭ Ivanovich Stanislavskiĭ)</subfield>
  </datafield>
</record>